%YAML 1.1
%TAG !u! tag:unity3d.com,2011:
--- !u!1 &100000
GameObject:
  m_ObjectHideFlags: 1
  m_PrefabParentObject: {fileID: 0}
  m_PrefabInternal: {fileID: 100100000}
  serializedVersion: 4
  m_Component:
  - 4: {fileID: 400000}
  - 114: {fileID: 11400002}
  m_Layer: 0
  m_Name: BackgroundLayer1
  m_TagString: Untagged
  m_Icon: {fileID: 0}
  m_NavMeshLayer: 0
  m_StaticEditorFlags: 0
  m_IsActive: 1
--- !u!1 &100002
GameObject:
  m_ObjectHideFlags: 0
  m_PrefabParentObject: {fileID: 0}
  m_PrefabInternal: {fileID: 100100000}
  serializedVersion: 4
  m_Component:
  - 4: {fileID: 400002}
  - 20: {fileID: 2000000}
  - 92: {fileID: 9200000}
  - 124: {fileID: 12400000}
  - 114: {fileID: 11400004}
  - 114: {fileID: 11400006}
  m_Layer: 0
  m_Name: Main CameraBackgroundTest3
  m_TagString: MainCamera
  m_Icon: {fileID: 0}
  m_NavMeshLayer: 0
  m_StaticEditorFlags: 0
  m_IsActive: 1
--- !u!1 &100004
GameObject:
  m_ObjectHideFlags: 1
  m_PrefabParentObject: {fileID: 0}
  m_PrefabInternal: {fileID: 100100000}
  serializedVersion: 4
  m_Component:
  - 4: {fileID: 400004}
  - 114: {fileID: 11400008}
  m_Layer: 0
  m_Name: BackgroundLayer2
  m_TagString: Untagged
  m_Icon: {fileID: 0}
  m_NavMeshLayer: 0
  m_StaticEditorFlags: 0
  m_IsActive: 1
--- !u!1 &100006
GameObject:
  m_ObjectHideFlags: 1
  m_PrefabParentObject: {fileID: 0}
  m_PrefabInternal: {fileID: 100100000}
  serializedVersion: 4
  m_Component:
  - 4: {fileID: 400006}
  - 33: {fileID: 3300000}
  - 64: {fileID: 6400000}
  - 23: {fileID: 2300000}
  - 114: {fileID: 11400000}
  m_Layer: 0
  m_Name: BackgroundLayer0
  m_TagString: Untagged
  m_Icon: {fileID: 0}
  m_NavMeshLayer: 0
  m_StaticEditorFlags: 0
  m_IsActive: 1
--- !u!1 &100008
GameObject:
  m_ObjectHideFlags: 0
  m_PrefabParentObject: {fileID: 0}
  m_PrefabInternal: {fileID: 100100000}
  serializedVersion: 4
  m_Component:
  - 4: {fileID: 400008}
  m_Layer: 0
  m_Name: Background
  m_TagString: Untagged
  m_Icon: {fileID: 0}
  m_NavMeshLayer: 0
  m_StaticEditorFlags: 0
  m_IsActive: 1
--- !u!4 &400000
Transform:
  m_ObjectHideFlags: 1
  m_PrefabParentObject: {fileID: 0}
  m_PrefabInternal: {fileID: 100100000}
  m_GameObject: {fileID: 100000}
  m_LocalRotation: {x: 0, y: 0, z: 0, w: 1}
  m_LocalPosition: {x: 0, y: -1, z: -.600000024}
  m_LocalScale: {x: 1, y: 1, z: 1}
  m_Children: []
  m_Father: {fileID: 400008}
  m_RootOrder: 1
--- !u!4 &400002
Transform:
  m_ObjectHideFlags: 1
  m_PrefabParentObject: {fileID: 0}
  m_PrefabInternal: {fileID: 100100000}
  m_GameObject: {fileID: 100002}
  m_LocalRotation: {x: 0, y: 0, z: 0, w: 1}
  m_LocalPosition: {x: -502.126312, y: -1.28990531, z: 6.35126877}
  m_LocalScale: {x: 1, y: 1, z: 1}
  m_Children:
  - {fileID: 400008}
  m_Father: {fileID: 0}
  m_RootOrder: 0
--- !u!4 &400004
Transform:
  m_ObjectHideFlags: 1
  m_PrefabParentObject: {fileID: 0}
  m_PrefabInternal: {fileID: 100100000}
  m_GameObject: {fileID: 100004}
  m_LocalRotation: {x: 0, y: 0, z: 0, w: 1}
  m_LocalPosition: {x: 0, y: -2, z: -.400000006}
  m_LocalScale: {x: 1, y: 1, z: 1}
  m_Children: []
  m_Father: {fileID: 400008}
  m_RootOrder: 2
--- !u!4 &400006
Transform:
  m_ObjectHideFlags: 1
  m_PrefabParentObject: {fileID: 0}
  m_PrefabInternal: {fileID: 100100000}
  m_GameObject: {fileID: 100006}
  m_LocalRotation: {x: 0, y: 0, z: 1, w: -4.37113883e-08}
  m_LocalPosition: {x: 0, y: 0, z: 0}
  m_LocalScale: {x: 1, y: 1, z: 1}
  m_Children: []
  m_Father: {fileID: 400008}
  m_RootOrder: 0
--- !u!4 &400008
Transform:
  m_ObjectHideFlags: 1
  m_PrefabParentObject: {fileID: 0}
  m_PrefabInternal: {fileID: 100100000}
  m_GameObject: {fileID: 100008}
  m_LocalRotation: {x: .707106829, y: 0, z: 0, w: .707106829}
  m_LocalPosition: {x: 0, y: 2.88040161, z: 50}
  m_LocalScale: {x: 3, y: 2, z: 2}
  m_Children:
  - {fileID: 400006}
  - {fileID: 400000}
  - {fileID: 400004}
  m_Father: {fileID: 400002}
  m_RootOrder: 0
--- !u!20 &2000000
Camera:
  m_ObjectHideFlags: 1
  m_PrefabParentObject: {fileID: 0}
  m_PrefabInternal: {fileID: 100100000}
  m_GameObject: {fileID: 100002}
  m_Enabled: 1
  serializedVersion: 2
  m_ClearFlags: 1
  m_BackGroundColor: {r: .192156866, g: .301960796, b: .474509805, a: .0196078438}
  m_NormalizedViewPortRect:
    serializedVersion: 2
    x: 0
    y: 0
    width: 1
    height: 1
  near clip plane: 0
  far clip plane: 60
  field of view: 77
  orthographic: 1
  orthographic size: 7
  m_Depth: -1
  m_CullingMask:
    serializedVersion: 2
    m_Bits: 4294967295
  m_RenderingPath: -1
  m_TargetTexture: {fileID: 0}
  m_TargetDisplay: 0
  m_HDR: 0
  m_OcclusionCulling: 1
  m_StereoConvergence: 10
  m_StereoSeparation: .0219999999
--- !u!23 &2300000
Renderer:
  m_ObjectHideFlags: 1
  m_PrefabParentObject: {fileID: 0}
  m_PrefabInternal: {fileID: 100100000}
  m_GameObject: {fileID: 100006}
  m_Enabled: 1
  m_CastShadows: 1
  m_ReceiveShadows: 1
  m_LightmapIndex: 255
  m_LightmapTilingOffset: {x: 1, y: 1, z: 0, w: 0}
  m_Materials:
  - {fileID: 2100000, guid: 9dfa3b0082612a84490adbba72ab54ed, type: 2}
  m_SubsetIndices: 
  m_StaticBatchRoot: {fileID: 0}
  m_UseLightProbes: 0
  m_LightProbeAnchor: {fileID: 0}
  m_ScaleInLightmap: 1
  m_SortingLayerID: 0
  m_SortingOrder: 0
--- !u!33 &3300000
MeshFilter:
  m_ObjectHideFlags: 1
  m_PrefabParentObject: {fileID: 0}
  m_PrefabInternal: {fileID: 100100000}
  m_GameObject: {fileID: 100006}
  m_Mesh: {fileID: 10209, guid: 0000000000000000e000000000000000, type: 0}
--- !u!64 &6400000
MeshCollider:
  m_ObjectHideFlags: 1
  m_PrefabParentObject: {fileID: 0}
  m_PrefabInternal: {fileID: 100100000}
  m_GameObject: {fileID: 100006}
  m_Material: {fileID: 0}
  m_IsTrigger: 0
  m_Enabled: 1
  serializedVersion: 2
  m_SmoothSphereCollisions: 0
  m_Convex: 0
  m_Mesh: {fileID: 10209, guid: 0000000000000000e000000000000000, type: 0}
--- !u!92 &9200000
Behaviour:
  m_ObjectHideFlags: 1
  m_PrefabParentObject: {fileID: 0}
  m_PrefabInternal: {fileID: 100100000}
  m_GameObject: {fileID: 100002}
  m_Enabled: 1
--- !u!114 &11400000
MonoBehaviour:
  m_ObjectHideFlags: 1
  m_PrefabParentObject: {fileID: 0}
  m_PrefabInternal: {fileID: 100100000}
  m_GameObject: {fileID: 100006}
  m_Enabled: 1
  m_EditorHideFlags: 0
  m_Script: {fileID: 11500000, guid: 715defab103c21b4182d2e6a0c9213c8, type: 3}
  m_Name: 
  m_EditorClassIdentifier: 
  duration: 10
--- !u!114 &11400002
MonoBehaviour:
  m_ObjectHideFlags: 1
  m_PrefabParentObject: {fileID: 0}
  m_PrefabInternal: {fileID: 100100000}
  m_GameObject: {fileID: 100000}
  m_Enabled: 1
  m_EditorHideFlags: 0
  m_Script: {fileID: 11500000, guid: e4292ee5c5a2dcd4094da00f7d148f95, type: 3}
  m_Name: 
  m_EditorClassIdentifier: 
  speed: .00300000003
  prefab: {fileID: 100000, guid: e5d62e502e373e84a8915319d3b2465c, type: 2}
--- !u!114 &11400004
MonoBehaviour:
  m_ObjectHideFlags: 1
  m_PrefabParentObject: {fileID: 0}
  m_PrefabInternal: {fileID: 100100000}
  m_GameObject: {fileID: 100002}
  m_Enabled: 1
  m_EditorHideFlags: 0
  m_Script: {fileID: 11500000, guid: d21c694d454b49d4399a9ef8d6171e1a, type: 3}
  m_Name: 
  m_EditorClassIdentifier: 
  cameraZOffset: -15
  cameraXOffset: 0
  cameraYOffset: 2
  Fraction: 2
  cameraFocusPoint: {fileID: 0}
--- !u!114 &11400006
MonoBehaviour:
  m_ObjectHideFlags: 1
  m_PrefabParentObject: {fileID: 0}
  m_PrefabInternal: {fileID: 100100000}
  m_GameObject: {fileID: 100002}
  m_Enabled: 0
  m_EditorHideFlags: 0
  m_Script: {fileID: 11500000, guid: a773099f140e846f7835d27351846623, type: 3}
  m_Name: 
  m_EditorClassIdentifier: 
  tweakMode: 0
  screenBlendMode: 1
  hdr: 0
  sepBlurSpread: .100000001
  quality: 0
  bloomIntensity: 1
  bloomThreshhold: .800000012
  bloomThreshholdColor: {r: 1, g: 1, b: 1, a: 1}
  bloomBlurIterations: 2
  hollywoodFlareBlurIterations: 2
  flareRotation: 0
  lensflareMode: 1
  hollyStretchWidth: 2.5
  lensflareIntensity: 0
  lensflareThreshhold: .300000012
  lensFlareSaturation: .75
  flareColorA: {r: .400000006, g: .400000006, b: .800000012, a: .75}
  flareColorB: {r: .400000006, g: .800000012, b: .800000012, a: .75}
  flareColorC: {r: .800000012, g: .400000006, b: .800000012, a: .75}
  flareColorD: {r: .800000012, g: .400000006, b: 0, a: .75}
  blurWidth: 1
  lensFlareVignetteMask: {fileID: 2800000, guid: 95ef4804fe0be4c999ddaa383536cde8,
    type: 3}
  lensFlareShader: {fileID: 4800000, guid: 459fe69d2f6d74ddb92f04dbf45a866b, type: 3}
  screenBlendShader: {fileID: 4800000, guid: 7856cbff0a0ca45c787d5431eb805bb0, type: 3}
  blurAndFlaresShader: {fileID: 4800000, guid: be6e39cf196f146d5be72fbefb18ed75, type: 3}
  brightPassFilterShader: {fileID: 4800000, guid: 0aeaa4cb29f5d4e9c8455f04c8575c8c,
    type: 3}
--- !u!114 &11400008
MonoBehaviour:
  m_ObjectHideFlags: 1
  m_PrefabParentObject: {fileID: 0}
  m_PrefabInternal: {fileID: 100100000}
  m_GameObject: {fileID: 100004}
  m_Enabled: 1
  m_EditorHideFlags: 0
  m_Script: {fileID: 11500000, guid: e4292ee5c5a2dcd4094da00f7d148f95, type: 3}
  m_Name: 
  m_EditorClassIdentifier: 
  speed: .00600000005
  prefab: {fileID: 100000, guid: 93edd5ee4cf346246a0bae3e71adf016, type: 2}
--- !u!124 &12400000
Behaviour:
  m_ObjectHideFlags: 1
  m_PrefabParentObject: {fileID: 0}
  m_PrefabInternal: {fileID: 100100000}
  m_GameObject: {fileID: 100002}
  m_Enabled: 1
--- !u!1001 &100100000
Prefab:
  m_ObjectHideFlags: 1
  serializedVersion: 2
  m_Modification:
    m_TransformParent: {fileID: 0}
    m_Modifications: []
    m_RemovedComponents: []
  m_ParentPrefab: {fileID: 0}
  m_RootGameObject: {fileID: 100002}
  m_IsPrefabParent: 1
  m_IsExploded: 1
