%YAML 1.1
%TAG !u! tag:unity3d.com,2011:
--- !u!91 &9100000
AnimatorController:
  m_ObjectHideFlags: 0
  m_PrefabParentObject: {fileID: 0}
  m_PrefabInternal: {fileID: 0}
  m_Name: ClintJustWood AnimationControllerBackup
  serializedVersion: 2
  m_AnimatorParameters:
  - m_Name: jumpTrigger
    m_Type: 9
    m_DefaultFloat: 0
    m_DefaultInt: 0
    m_DefaultBool: 0
    m_Controller: {fileID: 9100000}
  - m_Name: fallTrigger
    m_Type: 9
    m_DefaultFloat: 0
    m_DefaultInt: 0
    m_DefaultBool: 0
    m_Controller: {fileID: 9100000}
  - m_Name: slingTrigger
    m_Type: 9
    m_DefaultFloat: 0
    m_DefaultInt: 0
    m_DefaultBool: 0
    m_Controller: {fileID: 9100000}
  - m_Name: landingTrigger
    m_Type: 9
    m_DefaultFloat: 0
    m_DefaultInt: 0
    m_DefaultBool: 0
    m_Controller: {fileID: 9100000}
  - m_Name: duckTrigger
    m_Type: 9
    m_DefaultFloat: 0
    m_DefaultInt: 0
    m_DefaultBool: 0
    m_Controller: {fileID: 9100000}
  - m_Name: collisionTrigger
    m_Type: 9
    m_DefaultFloat: 0
    m_DefaultInt: 0
    m_DefaultBool: 0
    m_Controller: {fileID: 9100000}
  - m_Name: rockTrigger
    m_Type: 9
    m_DefaultFloat: 0
    m_DefaultInt: 0
    m_DefaultBool: 0
    m_Controller: {fileID: 9100000}
  m_AnimatorLayers:
  - serializedVersion: 3
    m_Name: Base Layer
    m_StateMachine: {fileID: 110700000}
    m_Mask: {fileID: 0}
    m_BlendingMode: 0
    m_SyncedLayerIndex: -1
    m_StateMachineMotionSetIndex: 0
    m_DefaultWeight: 0
    m_IKPass: 0
    m_SyncedLayerAffectsTiming: 0
    m_Controller: {fileID: 9100000}
--- !u!1101 &110100000
Transition:
  serializedVersion: 2
  m_ObjectHideFlags: 3
  m_PrefabParentObject: {fileID: 0}
  m_PrefabInternal: {fileID: 0}
  m_Name: 
  m_SrcState: {fileID: 0}
  m_DstState: {fileID: 110240193}
  m_TransitionDuration: .100000001
  m_TransitionOffset: 0
  m_Conditions:
  - m_ConditionMode: 1
    m_ConditionEvent: jumpTrigger
    m_EventTreshold: 0
    m_ExitTime: .899999976
  m_Atomic: 1
  m_Solo: 0
  m_Mute: 0
  m_CanTransitionToSelf: 1
--- !u!1101 &110100083
Transition:
  serializedVersion: 2
  m_ObjectHideFlags: 3
  m_PrefabParentObject: {fileID: 0}
  m_PrefabInternal: {fileID: 0}
  m_Name: 
  m_SrcState: {fileID: 0}
  m_DstState: {fileID: 110212577}
  m_TransitionDuration: .100000001
  m_TransitionOffset: 0
  m_Conditions:
  - m_ConditionMode: 1
    m_ConditionEvent: fallTrigger
    m_EventTreshold: 0
    m_ExitTime: .899999976
  m_Atomic: 1
  m_Solo: 0
  m_Mute: 0
  m_CanTransitionToSelf: 0
--- !u!1101 &110100792
Transition:
  serializedVersion: 2
  m_ObjectHideFlags: 3
  m_PrefabParentObject: {fileID: 0}
  m_PrefabInternal: {fileID: 0}
  m_Name: 
  m_SrcState: {fileID: 110212577}
  m_DstState: {fileID: 110200000}
  m_TransitionDuration: .1875
  m_TransitionOffset: 0
  m_Conditions:
  - m_ConditionMode: 5
    m_ConditionEvent: collisionTrigger
    m_EventTreshold: 0
    m_ExitTime: .8125
  m_Atomic: 1
  m_Solo: 0
  m_Mute: 0
  m_CanTransitionToSelf: 0
--- !u!1101 &110101291
Transition:
  serializedVersion: 2
  m_ObjectHideFlags: 3
  m_PrefabParentObject: {fileID: 0}
  m_PrefabInternal: {fileID: 0}
  m_Name: 
  m_SrcState: {fileID: 110273658}
  m_DstState: {fileID: 110200000}
  m_TransitionDuration: 5.99999714
  m_TransitionOffset: 0
  m_Conditions:
  - m_ConditionMode: 5
    m_ConditionEvent: landingTrigger
    m_EventTreshold: 0
    m_ExitTime: 0
  m_Atomic: 0
  m_Solo: 0
  m_Mute: 0
  m_CanTransitionToSelf: 0
--- !u!1101 &110111200
Transition:
  serializedVersion: 2
  m_ObjectHideFlags: 3
  m_PrefabParentObject: {fileID: 0}
  m_PrefabInternal: {fileID: 0}
  m_Name: 
  m_SrcState: {fileID: 0}
  m_DstState: {fileID: 110231799}
  m_TransitionDuration: .100000001
  m_TransitionOffset: 0
  m_Conditions:
  - m_ConditionMode: 1
    m_ConditionEvent: ropeTrigger
    m_EventTreshold: 0
    m_ExitTime: .899999976
  m_Atomic: 1
  m_Solo: 0
  m_Mute: 0
  m_CanTransitionToSelf: 0
--- !u!1101 &110112274
Transition:
  serializedVersion: 2
  m_ObjectHideFlags: 3
  m_PrefabParentObject: {fileID: 0}
  m_PrefabInternal: {fileID: 0}
  m_Name: 
  m_SrcState: {fileID: 0}
  m_DstState: {fileID: 110284897}
  m_TransitionDuration: .100000001
  m_TransitionOffset: 0
  m_Conditions:
  - m_ConditionMode: 1
    m_ConditionEvent: collisionTrigger
    m_EventTreshold: 0
    m_ExitTime: .899999976
  m_Atomic: 1
  m_Solo: 0
  m_Mute: 0
  m_CanTransitionToSelf: 0
--- !u!1101 &110115418
Transition:
  serializedVersion: 2
  m_ObjectHideFlags: 3
  m_PrefabParentObject: {fileID: 0}
  m_PrefabInternal: {fileID: 0}
  m_Name: 
  m_SrcState: {fileID: 110273658}
  m_DstState: {fileID: 110240193}
  m_TransitionDuration: 5.99999714
  m_TransitionOffset: 0
  m_Conditions:
  - m_ConditionMode: 1
    m_ConditionEvent: jumpTrigger
    m_EventTreshold: 0
    m_ExitTime: 0
  m_Atomic: 1
  m_Solo: 0
  m_Mute: 0
  m_CanTransitionToSelf: 0
--- !u!1101 &110118434
Transition:
  serializedVersion: 2
  m_ObjectHideFlags: 3
  m_PrefabParentObject: {fileID: 0}
  m_PrefabInternal: {fileID: 0}
  m_Name: 
  m_SrcState: {fileID: 0}
  m_DstState: {fileID: 110212577}
  m_TransitionDuration: .100000001
  m_TransitionOffset: 0
  m_Conditions:
  - m_ConditionMode: 1
    m_ConditionEvent: fallTrigger
    m_EventTreshold: 0
    m_ExitTime: .899999976
  m_Atomic: 1
  m_Solo: 0
  m_Mute: 0
  m_CanTransitionToSelf: 1
--- !u!1101 &110124323
Transition:
  serializedVersion: 2
  m_ObjectHideFlags: 3
  m_PrefabParentObject: {fileID: 0}
  m_PrefabInternal: {fileID: 0}
  m_Name: 
  m_SrcState: {fileID: 110273658}
  m_DstState: {fileID: 110268721}
  m_TransitionDuration: 5.99999714
  m_TransitionOffset: 0
  m_Conditions:
  - m_ConditionMode: 1
    m_ConditionEvent: duckTrigger
    m_EventTreshold: 0
    m_ExitTime: 0
  m_Atomic: 1
  m_Solo: 0
  m_Mute: 0
  m_CanTransitionToSelf: 0
--- !u!1101 &110125237
Transition:
  serializedVersion: 2
  m_ObjectHideFlags: 3
  m_PrefabParentObject: {fileID: 0}
  m_PrefabInternal: {fileID: 0}
  m_Name: 
  m_SrcState: {fileID: 0}
  m_DstState: {fileID: 110214946}
  m_TransitionDuration: .100000001
  m_TransitionOffset: 0
  m_Conditions:
  - m_ConditionMode: 1
    m_ConditionEvent: rockTrigger
    m_EventTreshold: 0
    m_ExitTime: .899999976
  m_Atomic: 0
  m_Solo: 0
  m_Mute: 0
  m_CanTransitionToSelf: 0
--- !u!1101 &110131564
Transition:
  serializedVersion: 2
  m_ObjectHideFlags: 3
  m_PrefabParentObject: {fileID: 0}
  m_PrefabInternal: {fileID: 0}
  m_Name: 
  m_SrcState: {fileID: 110231799}
  m_DstState: {fileID: 110200000}
  m_TransitionDuration: .206896544
  m_TransitionOffset: 0
  m_Conditions:
  - m_ConditionMode: 5
    m_ConditionEvent: slingTrigger
    m_EventTreshold: 0
    m_ExitTime: .793103456
  m_Atomic: 0
  m_Solo: 0
  m_Mute: 0
  m_CanTransitionToSelf: 0
--- !u!1101 &110133845
Transition:
  serializedVersion: 2
  m_ObjectHideFlags: 3
  m_PrefabParentObject: {fileID: 0}
  m_PrefabInternal: {fileID: 0}
  m_Name: 
  m_SrcState: {fileID: 110284897}
  m_DstState: {fileID: 110200000}
  m_TransitionDuration: .857142806
  m_TransitionOffset: 0
  m_Conditions:
  - m_ConditionMode: 5
    m_ConditionEvent: rockTrigger
    m_EventTreshold: 0
    m_ExitTime: .142857194
  m_Atomic: 1
  m_Solo: 0
  m_Mute: 0
  m_CanTransitionToSelf: 0
--- !u!1101 &110137672
Transition:
  serializedVersion: 2
  m_ObjectHideFlags: 3
  m_PrefabParentObject: {fileID: 0}
  m_PrefabInternal: {fileID: 0}
  m_Name: 
  m_SrcState: {fileID: 110273658}
  m_DstState: {fileID: 110273658}
  m_TransitionDuration: 5.99999714
  m_TransitionOffset: 0
  m_Conditions:
  - m_ConditionMode: 5
    m_ConditionEvent: 
    m_EventTreshold: 0
    m_ExitTime: 0
  m_Atomic: 1
  m_Solo: 0
  m_Mute: 0
  m_CanTransitionToSelf: 0
--- !u!1101 &110143420
Transition:
  serializedVersion: 2
  m_ObjectHideFlags: 3
  m_PrefabParentObject: {fileID: 0}
  m_PrefabInternal: {fileID: 0}
  m_Name: 
  m_SrcState: {fileID: 110253879}
  m_DstState: {fileID: 110200000}
  m_TransitionDuration: .888231218
  m_TransitionOffset: .0182089061
  m_Conditions:
  - m_ConditionMode: 5
    m_ConditionEvent: 
    m_EventTreshold: 0
    m_ExitTime: .0175700132
  m_Atomic: 0
  m_Solo: 0
  m_Mute: 0
  m_CanTransitionToSelf: 0
--- !u!1101 &110147971
Transition:
  serializedVersion: 2
  m_ObjectHideFlags: 3
  m_PrefabParentObject: {fileID: 0}
  m_PrefabInternal: {fileID: 0}
  m_Name: 
  m_SrcState: {fileID: 0}
  m_DstState: {fileID: 110284897}
  m_TransitionDuration: .100000001
  m_TransitionOffset: 0
  m_Conditions:
  - m_ConditionMode: 1
    m_ConditionEvent: collisionTrigger
    m_EventTreshold: 0
    m_ExitTime: .899999976
  m_Atomic: 1
  m_Solo: 0
  m_Mute: 0
  m_CanTransitionToSelf: 0
--- !u!1101 &110148648
Transition:
  serializedVersion: 2
  m_ObjectHideFlags: 3
  m_PrefabParentObject: {fileID: 0}
  m_PrefabInternal: {fileID: 0}
  m_Name: 
  m_SrcState: {fileID: 110240193}
  m_DstState: {fileID: 110297266}
  m_TransitionDuration: 2.06896544
  m_TransitionOffset: 0
  m_Conditions:
  - m_ConditionMode: 5
    m_ConditionEvent: jumpTrigger
    m_EventTreshold: 0
    m_ExitTime: 0
  m_Atomic: 0
  m_Solo: 0
  m_Mute: 0
  m_CanTransitionToSelf: 0
--- !u!1101 &110148807
Transition:
  serializedVersion: 2
  m_ObjectHideFlags: 3
  m_PrefabParentObject: {fileID: 0}
  m_PrefabInternal: {fileID: 0}
  m_Name: 
  m_SrcState: {fileID: 110200000}
  m_DstState: {fileID: 110200000}
  m_TransitionDuration: .461538434
  m_TransitionOffset: 0
  m_Conditions:
  - m_ConditionMode: 5
    m_ConditionEvent: 
    m_EventTreshold: 0
    m_ExitTime: .538461566
  m_Atomic: 1
  m_Solo: 0
  m_Mute: 0
  m_CanTransitionToSelf: 0
--- !u!1101 &110157501
Transition:
  serializedVersion: 2
  m_ObjectHideFlags: 3
  m_PrefabParentObject: {fileID: 0}
  m_PrefabInternal: {fileID: 0}
  m_Name: 
  m_SrcState: {fileID: 110214946}
  m_DstState: {fileID: 110200000}
  m_TransitionDuration: .315789461
  m_TransitionOffset: 0
  m_Conditions:
  - m_ConditionMode: 5
    m_ConditionEvent: 
    m_EventTreshold: 0
    m_ExitTime: .684210539
  m_Atomic: 0
  m_Solo: 0
  m_Mute: 0
  m_CanTransitionToSelf: 0
--- !u!1101 &110175961
Transition:
  serializedVersion: 2
  m_ObjectHideFlags: 3
  m_PrefabParentObject: {fileID: 0}
  m_PrefabInternal: {fileID: 0}
  m_Name: 
  m_SrcState: {fileID: 110297266}
  m_DstState: {fileID: 110273658}
  m_TransitionDuration: 3.52941227
  m_TransitionOffset: 0
  m_Conditions:
  - m_ConditionMode: 1
    m_ConditionEvent: landingTrigger
    m_EventTreshold: 0
    m_ExitTime: 0
  m_Atomic: 0
  m_Solo: 0
  m_Mute: 0
  m_CanTransitionToSelf: 0
--- !u!1101 &110190517
Transition:
  serializedVersion: 2
  m_ObjectHideFlags: 3
  m_PrefabParentObject: {fileID: 0}
  m_PrefabInternal: {fileID: 0}
  m_Name: 
  m_SrcState: {fileID: 110200000}
  m_DstState: {fileID: 110268721}
  m_TransitionDuration: .496475101
  m_TransitionOffset: 0
  m_Conditions:
  - m_ConditionMode: 1
    m_ConditionEvent: duckTrigger
    m_EventTreshold: 0
    m_ExitTime: .454545438
  m_Atomic: 0
  m_Solo: 0
  m_Mute: 0
  m_CanTransitionToSelf: 0
--- !u!1101 &110195417
Transition:
  serializedVersion: 2
  m_ObjectHideFlags: 3
  m_PrefabParentObject: {fileID: 0}
  m_PrefabInternal: {fileID: 0}
  m_Name: 
  m_SrcState: {fileID: 110268721}
  m_DstState: {fileID: 110253879}
  m_TransitionDuration: .369452298
  m_TransitionOffset: .00740312226
  m_Conditions:
  - m_ConditionMode: 5
    m_ConditionEvent: 
    m_EventTreshold: 0
    m_ExitTime: .168322146
  m_Atomic: 0
  m_Solo: 0
  m_Mute: 0
  m_CanTransitionToSelf: 0
--- !u!1101 &110198797
Transition:
  serializedVersion: 2
  m_ObjectHideFlags: 3
  m_PrefabParentObject: {fileID: 0}
  m_PrefabInternal: {fileID: 0}
  m_Name: 
  m_SrcState: {fileID: 0}
  m_DstState: {fileID: 110231799}
  m_TransitionDuration: .100000001
  m_TransitionOffset: 0
  m_Conditions:
  - m_ConditionMode: 1
    m_ConditionEvent: slingTrigger
    m_EventTreshold: 0
    m_ExitTime: .899999976
  m_Atomic: 0
  m_Solo: 0
  m_Mute: 0
  m_CanTransitionToSelf: 1
--- !u!1102 &110200000
State:
  m_ObjectHideFlags: 3
  m_PrefabParentObject: {fileID: 0}
  m_PrefabInternal: {fileID: 0}
  m_Name: run
  m_Speed: 1
  m_CycleOffset: 0
  m_Motions:
  - {fileID: 7400000, guid: a3b8c98f4c749224199afcada34deee9, type: 3}
  m_ParentStateMachine: {fileID: 110700000}
  m_Position: {x: 204, y: -264, z: 0}
  m_IKOnFeet: 1
  m_Mirror: 0
  m_Tag: 
--- !u!1102 &110212577
State:
  m_ObjectHideFlags: 3
  m_PrefabParentObject: {fileID: 0}
  m_PrefabInternal: {fileID: 0}
  m_Name: fall
  m_Speed: 2
  m_CycleOffset: 0
  m_Motions:
  - {fileID: 7400000, guid: 8944a25252866014d80878f8e93edd12, type: 3}
  m_ParentStateMachine: {fileID: 110700000}
  m_Position: {x: 576, y: -444, z: 0}
  m_IKOnFeet: 0
  m_Mirror: 0
  m_Tag: 
--- !u!1102 &110214946
State:
  m_ObjectHideFlags: 3
  m_PrefabParentObject: {fileID: 0}
  m_PrefabInternal: {fileID: 0}
  m_Name: ClintJustWoodOuch
  m_Speed: 1
  m_CycleOffset: 0
  m_Motions:
  - {fileID: 7400000, guid: 2f4abd769f45f374db9c986fa32cf058, type: 3}
  m_ParentStateMachine: {fileID: 110700000}
  m_Position: {x: 96, y: -384, z: 0}
  m_IKOnFeet: 0
  m_Mirror: 0
  m_Tag: 
--- !u!1102 &110231799
State:
  m_ObjectHideFlags: 3
  m_PrefabParentObject: {fileID: 0}
  m_PrefabInternal: {fileID: 0}
  m_Name: useSkill
  m_Speed: 1.5
  m_CycleOffset: 0
  m_Motions:
  - {fileID: 7400000, guid: 1c443db5ee4763344850f40429688f1d, type: 3}
  m_ParentStateMachine: {fileID: 110700000}
  m_Position: {x: 300, y: -432, z: 0}
  m_IKOnFeet: 0
  m_Mirror: 0
  m_Tag: 
--- !u!1102 &110240193
State:
  m_ObjectHideFlags: 3
  m_PrefabParentObject: {fileID: 0}
  m_PrefabInternal: {fileID: 0}
  m_Name: ascend
  m_Speed: 1
  m_CycleOffset: 0
  m_Motions:
  - {fileID: 7400000, guid: 3ed49197f8666d3449e0994b49eed617, type: 3}
  m_ParentStateMachine: {fileID: 110700000}
  m_Position: {x: -48, y: -144, z: 0}
  m_IKOnFeet: 0
  m_Mirror: 0
  m_Tag: 
--- !u!1102 &110253879
State:
  m_ObjectHideFlags: 3
  m_PrefabParentObject: {fileID: 0}
  m_PrefabInternal: {fileID: 0}
  m_Name: duck2
  m_Speed: .600000024
  m_CycleOffset: 0
  m_Motions:
  - {fileID: 7400002, guid: 7cee6661660be0f4692227e39405ac9f, type: 3}
  m_ParentStateMachine: {fileID: 110700000}
  m_Position: {x: -204, y: -204, z: 0}
  m_IKOnFeet: 0
  m_Mirror: 0
  m_Tag: 
--- !u!1102 &110268721
State:
  m_ObjectHideFlags: 3
  m_PrefabParentObject: {fileID: 0}
  m_PrefabInternal: {fileID: 0}
  m_Name: duck
  m_Speed: .600000024
  m_CycleOffset: 0
  m_Motions:
  - {fileID: 7400000, guid: 7cee6661660be0f4692227e39405ac9f, type: 3}
  m_ParentStateMachine: {fileID: 110700000}
  m_Position: {x: -324, y: -288, z: 0}
  m_IKOnFeet: 0
  m_Mirror: 0
  m_Tag: 
--- !u!1102 &110273658
State:
  m_ObjectHideFlags: 3
  m_PrefabParentObject: {fileID: 0}
  m_PrefabInternal: {fileID: 0}
  m_Name: land
  m_Speed: 1
  m_CycleOffset: 0
  m_Motions:
  - {fileID: 7400004, guid: 3ed49197f8666d3449e0994b49eed617, type: 3}
  m_ParentStateMachine: {fileID: 110700000}
  m_Position: {x: 264, y: -144, z: 0}
  m_IKOnFeet: 0
  m_Mirror: 0
  m_Tag: 
--- !u!1102 &110284897
State:
  m_ObjectHideFlags: 3
  m_PrefabParentObject: {fileID: 0}
  m_PrefabInternal: {fileID: 0}
  m_Name: collision
  m_Speed: 1.20000005
  m_CycleOffset: 0
  m_Motions:
  - {fileID: 7400000, guid: 725d7257f713b4c49aef8f23dd60404b, type: 3}
  m_ParentStateMachine: {fileID: 110700000}
  m_Position: {x: -192, y: -384, z: 0}
  m_IKOnFeet: 0
  m_Mirror: 0
  m_Tag: 
--- !u!1102 &110291487
State:
  m_ObjectHideFlags: 3
  m_PrefabParentObject: {fileID: 0}
  m_PrefabInternal: {fileID: 0}
  m_Name: fall
  m_Speed: 1
  m_CycleOffset: 0
  m_Motions:
  - {fileID: 7400000, guid: 0de8dd5e87ad66845a381716f3ef001a, type: 3}
  m_ParentStateMachine: {fileID: 110700000}
  m_Position: {x: 494, y: -451, z: 0}
  m_IKOnFeet: 0
  m_Mirror: 0
  m_Tag: 
--- !u!1102 &110297266
State:
  m_ObjectHideFlags: 3
  m_PrefabParentObject: {fileID: 0}
  m_PrefabInternal: {fileID: 0}
  m_Name: air
  m_Speed: 1
  m_CycleOffset: 0
  m_Motions:
  - {fileID: 7400002, guid: 3ed49197f8666d3449e0994b49eed617, type: 3}
  m_ParentStateMachine: {fileID: 110700000}
  m_Position: {x: 84, y: -48, z: 0}
  m_IKOnFeet: 0
  m_Mirror: 0
  m_Tag: 
--- !u!1107 &110700000
StateMachine:
  serializedVersion: 2
  m_ObjectHideFlags: 3
  m_PrefabParentObject: {fileID: 0}
  m_PrefabInternal: {fileID: 0}
  m_Name: Base Layer
  m_DefaultState: {fileID: 110200000}
  m_States:
  - {fileID: 110200000}
  - {fileID: 110268721}
  - {fileID: 110284897}
  - {fileID: 110231799}
  - {fileID: 110240193}
  - {fileID: 110297266}
  - {fileID: 110273658}
  - {fileID: 110212577}
  - {fileID: 110214946}
  - {fileID: 110253879}
  m_ChildStateMachine: []
  m_ChildStateMachinePosition: []
  m_OrderedTransitions:
    data:
      first: {fileID: 110253879}
      second:
      - {fileID: 110143420}
    data:
      first: {fileID: 0}
      second:
      - {fileID: 110198797}
      - {fileID: 110118434}
      - {fileID: 110100000}
      - {fileID: 110147971}
      - {fileID: 110125237}
    data:
      first: {fileID: 110200000}
      second:
      - {fileID: 110190517}
    data:
      first: {fileID: 110268721}
      second:
      - {fileID: 110195417}
    data:
      first: {fileID: 110284897}
      second:
      - {fileID: 110133845}
    data:
      first: {fileID: 110231799}
      second:
      - {fileID: 110131564}
    data:
      first: {fileID: 110240193}
      second:
      - {fileID: 110148648}
    data:
      first: {fileID: 110297266}
      second:
      - {fileID: 110175961}
    data:
      first: {fileID: 110273658}
      second:
      - {fileID: 110101291}
      - {fileID: 110115418}
      - {fileID: 110124323}
    data:
      first: {fileID: 110212577}
      second:
      - {fileID: 110100792}
    data:
      first: {fileID: 110214946}
      second:
      - {fileID: 110157501}
    data:
      first: {fileID: 110291487}
      second: []
  m_MotionSetCount: 1
  m_AnyStatePosition: {x: 36, y: -552, z: 0}
  m_ParentStateMachinePosition: {x: 800, y: 20, z: 0}
